@book{koza92,
		author    = "Koza, John R.",
		title     = "Genetic Programming: On the Programming of Computers by Means of Natural Selection",
		publisher = "MIT Press",
		year      = "1992"
}


@misc{ wiki:latex,
       author = "Wikipedia",
       title = "LaTeX --- Wikipedia{,} La enciclopedia libre",
       year = "2015",
       url = "https://es.wikipedia.org/w/index.php?title=LaTeX&oldid=84209252",
       note = "[Internet; descargado 30-septiembre-2015]"
}


@misc{ PICKIT3:pinout,
       author = "Joel Buenrostro",
       title = "PICKit3 pinout",
       year = "2016",
       url = "https://www.pinterest.es/pin/560909328584622268/",
       note = ""
}

@misc{ usbtin:general,
       author = "Thomas Fischl",
       title = "USBtin - USB to CAN interface",
       year = "2017",
       url = "https://www.fischl.de/usbtin/",
       note = ""

}

@misc{ usbtin:scheme,
       author = "Thomas Fischl",
       title = "usbtin",
       year = "2011",
       url = "https://www.fischl.de/usbtin/usbtin_circuit.pdf",
       note = ""
}

@misc{ microchip:pickit,
       author = "Microchp",
       title = "PICkit 3 In-Circuit Debugger",
       year = "2016",
       url = "https://www.microchip.com/Developmenttools/ProductDetails/PG164130",
       note = ""
}


@misc{ usbtin:demo,
       author = "Thomas Fischl",
       title = "USBtinLibDemo",
       year = "2014",
       url = "https://github.com/EmbedME/USBtinLibDemo",
       note=""
}

@misc{ javafx:medusa,
       author = "Oracle",
       title = "Medusa: Gauges for JavaFX",
       year = "2016",
       url = "https://community.oracle.com/docs/DOC-992746",
       note = ""
}

@misc{ usbhub:gl850g,
       author = "Genesys Logic, Inc.",
       title = "GL850G Datasheet",
       year = "2009",
       url = "https://www.kean.com.au/oshw/WR703N/GL850G%20USB%20Hub%201.07.pdf",
       note = ""
}

@misc{ gnu:gpl,
       author = "Free Software Foundation, Inc.",
       title = "GNU General Public License",
       year = "2007",
       url = "https://www.gnu.org/licenses/gpl-3.0.html",
       note = ""
}


@misc{ mplab,
       author = "Microchip",
       title = "MPLAB",
       year = "2019",
       url = "https://www.microchip.com/mplab/mplab-x-ide",
       note = ""
}


@misc{ zen:hub,
       author = "ZenHub",
       title = "ZenHub",
       year = "2019",
       url = "https://www.zenhub.com/",
       note = ""
}


@misc{ mphidflash,
       author = "Aperture Labs Ltd",
       title = "mphidflash",
       year = "2017",
       url = "https://github.com/ApertureLabsLtd/mphidflash",
       note = ""
}
@misc{ hexfile,
       author = "Thomas Fischl",
       title = "USBtin Firmware",
       year = "2017",
       url = "https://www.fischl.de/usbtin/downloads/usbtin.2017-11-24.tar.gz",
       note = ""
}

@misc{ datasheet,
       author = "Microchip",
       title = "PIC18(L)F1XK50",
       year = "2015",
       url = "http://ww1.microchip.com/downloads/en/devicedoc/40001350f.pdf",
       note = ""
}

