@misc{ wiki:can,
       author = "Wikipedia",
       title = "CAN bus - Wikipedia",
       year = "2019",
       url = "https://en.wikipedia.org/wiki/CAN_bus",
       note = ""
}

@misc{ bosch:can,
       author = "BOSCH",
       title = "CAN Specification",
       year = "1991",
       url = "http://esd.cs.ucr.edu/webres/can20.pdf",
       note = ""
}



@misc{ texas:can,
       author = "Texas Instruments",
       title = "Introduction to the Controller Area Network (CAN)",
       year = "2016",
       url = "http://www.ti.com/lit/an/sloa101b/sloa101b.pdf",
       note = ""
}



@misc{ analog:can,
       author = "Analog Devices",
       title = "Controller Area Network (CAN) Implementation Guide",
       year = "2017",
       url = "https://www.analog.com/media/en/technical-documentation/application-notes/AN-1123.pdf",
       note = ""
}


@misc{ nxp:can,
       author = "NXP",
       title = "Bosch Controller Area Network (CAN) Protocol Standard",
       year = "2010",
       url = "https://www.nxp.com/files-static/microcontrollers/doc/data_sheet/BCANPSV2.pdf",
       note = ""
}

@misc{ interfacebus:can,
       author = "interfacebus.com",
       title = "CANopen Pinout",
       year = "2012",
       url = "http://www.interfacebus.com/Can_Bus_Connector_Pinout.html",
       note = ""
}

@misc{ marco:can,
       author = "Marco Guardigli",
       title = "Hacking Your Car",
       year = "2012",
       url = "https://marco.guardigli.it/2010/10/hacking-your-car.html",
       note = ""
}

@misc{ vector:can,
       author = "Vector",
       title = "Data Communication in the Automobile",
       year = "2006",
       url = "https://vector-academy.com/portal/medien/cmc/press/PTR/SerialBusSystems_Part2_ElektronikAutomotive_200612_PressArticle_EN.pdf",
       note = ""
}

@misc{ kvaser:can,
       author = "Kvaser",
       title = "CAN Protocol Tutorial",
       year = "2016",
       url = "https://www.kvaser.com/can-protocol-tutorial/",
       note = ""
}

@misc{ berkeley:can,
       author = "Marco Di Natale",
       title = "Understanding and using the Controller Area Network",
       year = "2008",
       url = "http://inst.cs.berkeley.edu/~ee249/fa08/Lectures/handout_canbus2.pdf",
       note = ""
}


@misc{ kicad:pcb,
       author = "PCBCart",
       title = "KiCAD PCB Design",
       year = "2016",
       url = "https://www.pcbcart.com/article/content/KiCAD-PCB-design-tutorial.html",
       note = ""
}



@misc{ schema:pcb,
       author = "Curious Inventor",
       title = "KiCad Overview and Schematic Tutorial",
       year = "2010",
       url = "http://store.curiousinventor.com/guides/kicad/schematic",
       note = ""
}


@misc{ intro:pcb,
       author = "KiCAD",
       title = "Getting started in KiCAD",
       year = "2018",
       url = "http://docs.kicad-pcb.org/5.0.2/en/getting_started_in_kicad/getting_started_in_kicad.html",
       note = ""
}


@misc{ explorer:can,
       author = "ComSol",
       title = "PCAN Explorer V5",
       year = "2015",
       url = "https://www.computer-solutions.co.uk/gendev/can-explorer.htm",
       note = ""
}


@misc{ kvaser:can,
       author = "EuroCircuits",
       title = "PCB Design Guidelines",
       year = "2016",
       url = "https://www.eurocircuits.com/pcb-design-guidelines/",
       note = ""
}

@misc{ osi:can,
       author = "BOSCH",
       title = "OSI Layers in Automotive Networks",
       year = "2013",
       url = "http://www.ieee802.org/1/files/public/docs2013/new-tsn-diarra-osi-layers-in-automotive-networks-0313-v01.pdf",
       note = "[Internet]"
}

@misc{ socket:can,
       author = "Volkswagen Research",
       title = "SocketCAN",
       year = "2010",
       url = "https://www.kernel.org/doc/Documentation/networking/can.txt",
       note = ""
}

@misc{ canalyzator:can,
       author = "sw-pschmied",
       title = "CANalyzat0r",
       year = "2018"
       url = "https://github.com/schutzwerk/CANalyzat0r",
       note = ""
}

@misc{ preloader:javafx,
       author = "Aron Sreder",
       title = "How to easily implement an application preloader",
       year = "2015"
       url = "https://blog.codecentric.de/en/2015/09/javafx-how-to-easily-implement-application-preloader-2/",
       note = ""
}


@misc{ usbtin,
       author = "Thomas Fischl",
       title = "USBtin - USB to CAN interface",
       year = "2014"
       url = "https://www.fischl.de/usbtin/",
       note = ""
}

@misc{ hubusb,
       author = "Ltomov",
       title = "OSH 4 Port USB Hub",
       year = "2016"
       url = "https://github.com/ltomov/4-port-usb-hub",
       note = ""
}

@misc{ pickit,
       author = "Microchip",
       title = "PICkit 3 In-Circuit Debugger",
       year = "2013"
       url = "https://www.microchip.com/Developmenttools/ProductDetails/PG164130",
       note = ""
}

@misc{ mplab,
       author = "Microchip",
       title = "MPLAB IDE",
       year = "2018"
       url = "https://www.microchip.com/mplab/mplab-x-ide",
       note = ""
}

@misc{ pic18,
       author = "Microchip",
       title = "PIC18(L)F1XK50",
       year = "2015"
       url = "http://ww1.microchip.com/downloads/en/devicedoc/40001350f.pdf",
       note = ""
}

@misc{ firmwarePic,
       author = "Thomas Fischl",
       title = "Bootloader USBtin",
       year = "2017"
       url = "https://www.fischl.de/usbtin/#bootloader",
       note = ""
}



@article{bortolot2005,
  title={Estimating forest biomass using small footprint LiDAR data: An individual tree-based approach that incorporates training data},
  author={Bortolot, Zachary J and Wynne, Randolph H},
  journal={ISPRS Journal of Photogrammetry and Remote Sensing},
  volume={59},
  number={6},
  pages={342--360},
  year={2005},
  publisher={Elsevier}
}

